@article{placeholder_hcy,
  author    = {Ueland, Per Magne and Refsum, Helga and Beresford, Sarah A.A.},
  title     = {The Controversy over Homocysteine and Cardiovascular Disease},
  journal   = {American Journal of Clinical Nutrition},
  volume    = {72},
  number    = {2},
  pages     = {324-332},
  year      = {2000},
  DOI       = {10.1093/ajcn/72.2.324}
}

@book{placeholder_stats,
  author    = {Motulsky, Harvey},
  title     = {Prism 4 Statistics Guide - Statistical Data Analysis for the Life Sciences},
  publisher = {GraphPad Software Inc.},
  year      = {2003},
  address   = {San Diego, CA}
}

@article{placeholder_stachys,
  author    = {Author, A. N. and Coauthor, B. C.},
  title     = {Potential medicinal properties of Stachys species: A review},
  journal   = {Journal of Ethnopharmacology},
  volume    = {100},
  pages     = {1-10},
  year      = {2020},
  DOI       = {10.1016/j.jep.2020.xxxxxx}
}
